Tipo,Producto,Fecha de inicio,Fecha de finalización,Descripción,Importe,Comisión,Divisa,State,Saldo
Pago con tarjeta,Actual,2026-02-28 14:33:38,2026-03-01 3:35:50,Bar Kanpondoa,-18.00,0.00,EUR,COMPLETADO,1284.41
Pago con tarjeta,Actual,2026-03-01 12:11:56,2026-03-02 9:28:00,Fronton Toki Eder Aoiz,-10.60,0.00,EUR,COMPLETADO,1273.81
Pago con tarjeta,Actual,2026-03-01 19:27:58,2026-03-02 9:28:13,Mp Expaoizto,-35.76,0.00,EUR,COMPLETADO,1238.05
Pago con tarjeta,Actual,2026-03-02 18:44:09,2026-03-03 10:36:40,Kanpondoa,-38.00,0.00,EUR,COMPLETADO,1200.05
Pago con tarjeta,Actual,2026-03-02 18:10:00,2026-03-03 10:37:27,Mp Expaoizto,-14.83,0.00,EUR,COMPLETADO,1185.22
Pago con tarjeta,Actual,2026-03-04 17:53:44,2026-03-05 11:55:52,Suministros Orreaga,-19.02,0.00,EUR,COMPLETADO,1166.20
Transferir,Actual,2026-03-06 23:46:42,2026-03-06 23:46:43,Bizum payment to: Oihu E.R.,-16.00,0.00,EUR,COMPLETADO,1150.20
Pago con tarjeta,Actual,2026-03-06 11:08:33,2026-03-07 3:32:04,Suministros Orreaga,-22.05,0.00,EUR,COMPLETADO,1128.15
Pago con tarjeta,Actual,2026-03-06 14:40:51,2026-03-07 9:28:17,Mp Expaoizto,-43.67,0.00,EUR,COMPLETADO,1084.48
Pago con tarjeta,Actual,2026-03-06 14:43:26,2026-03-07 9:28:18,Mp Expaoizto,-14.11,0.00,EUR,COMPLETADO,1070.37
Pago con tarjeta,Actual,2026-03-08 20:04:27,2026-03-09 14:26:35,Maskarita,-1.30,0.00,EUR,COMPLETADO,1069.07
Transferir,Actual,2026-03-13 22:51:06,2026-03-13 22:51:06,Transferencia a AINARA ZUNZARREN AVELINO,-33.00,0.00,EUR,COMPLETADO,1036.07
Recargas,Actual,2026-03-13 22:52:10,2026-03-13 22:52:10,Bizum payment from: Inigo L.H.,16.50,0.00,EUR,COMPLETADO,1052.57
Transferir,Actual,2026-03-14 23:34:02,2026-03-14 23:34:02,Bizum payment to: ANE.O.V.,-10.20,0.00,EUR,COMPLETADO,1042.37
Pago con tarjeta,Actual,2026-03-16 16:50:36,2026-03-17 16:40:30,Taxi 243,-22.70,0.00,EUR,COMPLETADO,1019.67
Pago con tarjeta,Actual,2026-03-17 22:16:13,2026-03-18 2:05:44,Tst Portishead Brewing,-40.61,0.00,EUR,COMPLETADO,979.06
Pago con tarjeta,Actual,2026-03-17 7:11:12,2026-03-18 5:01:15,Estac.servicio Aoiz,-29.18,0.00,EUR,COMPLETADO,949.88
Pago con tarjeta,Actual,2026-03-17 14:26:48,2026-03-18 5:07:02,The Bristol Port Compa,-10.76,0.00,EUR,COMPLETADO,939.12
Pago con tarjeta,Actual,2026-03-18 20:01:12,,Village Bristol,-1.17,0.00,EUR,DEVUELTO,
Pago con tarjeta,Actual,2026-03-18 21:36:34,2026-03-19 2:37:43,Village Hotels,-28.49,0.00,EUR,COMPLETADO,910.63
Pago con tarjeta,Actual,2026-03-18 14:02:52,2026-03-19 4:54:17,The Bristol Port Compa,-8.03,0.00,EUR,COMPLETADO,902.60
Pago con tarjeta,Actual,2026-03-19 14:32:27,2026-03-20 4:23:14,The Bristol Port Compa,-8.84,0.00,EUR,COMPLETADO,893.76
Pago con tarjeta,Actual,2026-03-19 21:11:11,2026-03-20 9:15:36,Left Handed Giant Brewpub,-7.69,0.00,EUR,COMPLETADO,886.07
Pago con tarjeta,Actual,2026-03-19 22:29:39,2026-03-20 9:15:37,Left Handed Giant Brewpub,-15.38,0.00,EUR,COMPLETADO,870.69
Pago con tarjeta,Actual,2026-03-19 15:08:49,2026-03-20 9:25:52,Wellington Welding Sup,-81.04,0.00,EUR,COMPLETADO,789.65
Pago con tarjeta,Actual,2026-03-17 8:47:30,2026-03-20 13:37:44,Autopistas,-6.85,0.00,EUR,COMPLETADO,782.80
Pago con tarjeta,Actual,2026-03-20 21:53:01,2026-03-21 2:23:16,Village Hotels,-34.71,0.00,EUR,COMPLETADO,748.09
Pago con tarjeta,Actual,2026-03-20 14:05:03,2026-03-21 5:05:30,The Bristol Port Compa,-14.65,0.00,EUR,COMPLETADO,733.44
Pago con tarjeta,Actual,2026-03-20 17:34:00,2026-03-21 11:16:32,Lidl,-12.65,0.00,EUR,COMPLETADO,720.79
Pago con tarjeta,Actual,2026-03-21 15:57:42,2026-03-22 2:13:36,Acropoli,-35.25,0.35,EUR,COMPLETADO,685.19
Pago con tarjeta,Actual,2026-03-21 22:15:51,2026-03-22 2:14:51,Three Brothers Burgers,-25.41,0.25,EUR,COMPLETADO,659.53
Pago con tarjeta,Actual,2026-03-22 14:35:10,2026-03-23 2:25:46,Village Hotels,-7.82,0.08,EUR,COMPLETADO,651.63
Pago con tarjeta,Actual,2026-03-21 20:52:26,2026-03-23 4:25:52,Left Handed Giant Brewpub,-7.53,0.08,EUR,COMPLETADO,644.02
Pago con tarjeta,Actual,2026-03-21 20:13:16,2026-03-23 8:24:29,RingGo,-7.65,0.08,EUR,COMPLETADO,636.29
Pago con tarjeta,Actual,2026-03-23 14:20:29,2026-03-24 4:20:24,The Bristol Port Compa,-8.83,0.00,EUR,COMPLETADO,627.46
Pago con tarjeta,Actual,2026-03-24 13:58:26,2026-03-25 4:52:14,The Bristol Port Compa,-10.34,0.00,EUR,COMPLETADO,617.12
Pago con tarjeta,Actual,2026-03-25 14:02:53,2026-03-26 4:56:14,The Bristol Port Compa,-10.34,0.00,EUR,COMPLETADO,606.78
Pago con tarjeta,Actual,2026-03-25 20:57:20,2026-03-26 9:06:23,RingGo,-7.67,0.00,EUR,COMPLETADO,599.11
Pago con tarjeta,Actual,2026-03-26 20:33:55,2026-03-27 2:06:13,Village Hotels,-66.99,0.00,EUR,COMPLETADO,532.12
Pago con tarjeta,Actual,2026-03-26 14:01:30,2026-03-27 4:59:06,The Bristol Port Compa,-10.34,0.00,EUR,COMPLETADO,521.78
Recargas,Actual,2026-03-27 11:25:21,2026-03-27 11:25:21,Pago de IKER SOTO AYAPE,290.00,0.00,EUR,COMPLETADO,811.78
Pago con tarjeta,Actual,2026-03-26 19:51:31,2026-03-27 18:04:29,ALDI,-11.93,0.00,EUR,COMPLETADO,799.85
Pago con tarjeta,Actual,2026-03-27 21:50:05,2026-03-28 1:47:33,Village Hotels,-28.90,0.00,EUR,COMPLETADO,770.95
Pago con tarjeta,Actual,2026-03-27 14:06:00,2026-03-28 12:15:58,The Bristol Port Compa,-8.00,0.00,EUR,COMPLETADO,762.95
Pago con tarjeta,Actual,2026-03-27 19:46:03,2026-03-28 18:54:23,Sports Direct,-94.37,0.00,EUR,COMPLETADO,668.58
Pago con tarjeta,Actual,2026-03-28 21:56:52,2026-03-29 3:06:20,Village Hotels,-30.90,0.31,EUR,COMPLETADO,637.37
Pago con tarjeta,Actual,2026-03-27 18:46:05,2026-03-29 9:50:51,ME Group International,-12.74,0.00,EUR,COMPLETADO,624.63
Pago con tarjeta,Actual,2026-03-27 19:52:58,2026-03-29 9:50:51,ME Group International,-4.06,0.00,EUR,COMPLETADO,620.57
Pago con tarjeta,Actual,2026-03-28 16:52:16,2026-03-29 15:00:01,Miller & Carter,-34.95,0.35,EUR,COMPLETADO,585.27
Pago con tarjeta,Actual,2026-03-29 14:37:39,2026-03-30 3:21:50,Village Hotels,-20.77,0.21,EUR,COMPLETADO,564.29
Pago con tarjeta,Actual,2026-03-29 22:00:29,2026-03-30 5:57:13,A Q U A Italia,-37.40,0.37,EUR,COMPLETADO,526.52
Pago con tarjeta,Actual,2026-03-30 21:46:41,2026-03-31 3:25:47,Village Hotels,-28.32,0.00,EUR,COMPLETADO,498.20
Pago con tarjeta,Actual,2026-03-30 14:02:45,2026-03-31 6:19:00,The Bristol Port Compa,-9.96,0.00,EUR,COMPLETADO,488.24